<?xml version="1.0" encoding="UTF-8"?><collection xmlns="http://www.loc.gov/MARC21/slim"><record><leader>00547nam--2200193-i-4500</leader><controlfield tag="001">000029935</controlfield><controlfield tag="002">20161230</controlfield><controlfield tag="005">20161230201038</controlfield><controlfield tag="008">060222s1000------------r-----000-0-ger-d</controlfield><datafield ind1=" " ind2=" " tag="040"><subfield code="a">IFIN-HH</subfield></datafield><datafield ind1=" " ind2=" " tag="041"><subfield code="a">ger</subfield></datafield><datafield ind1=" " ind2=" " tag="080"><subfield code="a">531.76:539.12.07</subfield></datafield><datafield ind1="1" ind2=" " tag="100"><subfield code="a">Vollrath, K</subfield></datafield><datafield ind1="1" ind2="0" tag="245"><subfield code="a">Kurzzeitphysik. high-speed physics. physique des phenomenes ultra-rapides. herausgegeben von</subfield><subfield code="c">K.vollrath, g. thomer</subfield></datafield><datafield ind1=" " ind2=" " tag="260"><subfield code="a">Wien</subfield><subfield code="b">Springer-verlag</subfield><subfield code="c">1967</subfield></datafield><datafield ind1=" " ind2=" " tag="300"><subfield code="a">XXII+1066P</subfield></datafield><datafield ind1="1" ind2=" " tag="700"><subfield code="a">Thomer, G</subfield></datafield><datafield ind1=" " ind2=" " tag="852"><subfield code="a">26756</subfield><subfield code="c">53</subfield></datafield><datafield ind1=" " ind2=" " tag="CAT"><subfield code="a">Sys</subfield><subfield code="c">20150218</subfield><subfield code="h">154540</subfield></datafield></record></collection>